@misc{JavaFX,
  title = {JavaFX},
  note = {\url{https://openjfx.io/}},
}

@misc{PhongMaterial,
  title = {PhongMaterial (JavaFX 8)},
  year = {2015},
  note = {\url{https://docs.oracle.com/javase/8/javafx/api/javafx/scene/paint/PhongMaterial.html}},
}

@misc{DropShadow,
  title = {DropShadow (JavaFX 2.2)},
  year = {2013},
  note = {\url{https://docs.oracle.com/javafx/2/api/javafx/scene/effect/DropShadow.html}},
}

@misc{Rules,
  author = {VNEA},
  title = {8 Ball Pool},
  note = {\url{http://www.vnea.com/Data/Sites/12/photos/8-BallRules.pdf}},
}

@misc{2DCollision,
  author = {Berchek, Chad},
  title = {2-Dimensional Elastic Collisions without Trigonometry},
  year = {2009},
  note = {\url{https://www.vobarian.com/collisions/2dcollisions2.pdf}},
}

@misc{PointSideLineMath,
  title = {Calculate on which side of a straight line is a given point located?},
  note = {\url{https://math.stackexchange.com/questions/274712/calculate-on-which-side-of-a-straight-line-is-a-given-point-located}},
}

@misc{PointSideLineCode,
  title = {How to tell whether a point is to the right or left side of a line},
  note = {\url{https://stackoverflow.com/questions/1560492/how-to-tell-whether-a-point-is-to-the-right-or-left-side-of-a-line}},
}
